@inproceedings{teraheap,
author = {Kolokasis, Iacovos G. and Evdorou, Giannos and Akram, Shoaib and Kozanitis, Christos and Papagiannis, Anastasios and Zakkak, Foivos S. and Pratikakis, Polyvios and Bilas, Angelos},
title = {TeraHeap: Reducing Memory Pressure in Managed Big Data Frameworks},
year = {2023},
isbn = {9781450399180},
publisher = {Association for Computing Machinery},
address = {New York, NY, USA},
url = {https://doi.org/10.1145/3582016.3582045},
doi = {10.1145/3582016.3582045},
pages = {694–709},
numpages = {16},
location = {<conf-loc>, <city>Vancouver</city>, <state>BC</state>, <country>Canada</country>, </conf-loc>},
series = {ASPLOS 2023}
}

@inproceedings{mako,
author = {Ma, Haoran and Liu, Shi and Wang, Chenxi and Qiao, Yifan and Bond, Michael D. and Blackburn, Stephen M. and Kim, Miryung and Xu, Guoqing Harry},
title = {Mako: a low-pause, high-throughput evacuating collector for memory-disaggregated datacenters},
year = {2022},
isbn = {9781450392655},
publisher = {Association for Computing Machinery},
address = {New York, NY, USA},
url = {https://doi.org/10.1145/3519939.3523441},
doi = {10.1145/3519939.3523441},
booktitle = {Proceedings of the 43rd ACM SIGPLAN International Conference on Programming Language Design and Implementation},
pages = {92–107},
numpages = {16},
keywords = {Cloud Computing, Disaggregation, Garbage Collection, Memory Management},
location = {San Diego, CA, USA},
series = {PLDI 2022}
}

@INPROCEEDINGS{spdk,
  author={Yang, Ziye and Harris, James R. and Walker, Benjamin and Verkamp, Daniel and Liu, Changpeng and Chang, Cunyin and Cao, Gang and Stern, Jonathan and Verma, Vishal and Paul, Luse E.},
  booktitle={2017 IEEE International Conference on Cloud Computing Technology and Science (CloudCom)}, 
  title={SPDK: A Development Kit to Build High Performance Storage Applications}, 
  year={2017},
  volume={},
  number={},
  pages={154-161},
  keywords={Kernel;Performance evaluation;Nonvolatile memory;Libraries;Hardware;Inductors;User space NVMe driver;asynchronous polled mode driven I/O;High performance storage application},
  doi={10.1109/CloudCom.2017.14}}

@misc{fio,
    title = {Flexible I/O Tester},
    howpublished = {\url{https://github.com/axboe/fio}},
    author = {Jens Axboe},
    year = {2022}
}

@article{nbd,
author = {Marin Lopez, Arturo Garcia Ares, P.T. A.},
title = {The Network Block Device},
year = {2000},
issue_date = {May 2000},
publisher = {Belltown Media},
address = {Houston, TX},
volume = {2000},
number = {73es},
issn = {1075-3583},
journal = {Linux J.},
month = {may},
pages = {40–es}
}

@misc{nvme-of,
    title = {NVM Express over Fabrics},
    howpublished = {\url{https://nvmexpress.org/wp-content/uploads/NVMe-over-Fabrics-1.1a-2021.07.12-Ratified.pdf}},
    year = {2021}
}

@misc{dpdk,
    title = {Data Plane Development Kit},
    howpublished = {\url{https://github.com/DPDK/dpdk}}
}

@misc{infiniband,
    title = {InfiniBand Architecture Specification},
    howpublished = {\url{http://www.infinibandta.org}},
    year = {2000}
}

@misc{netperf,
    title = {Netperf},
   howpublished = {\url{https://github.com/HewlettPackard/netperf}}
}

@misc{perftest,
    title = {perftest},
    howpublished = {\url{https://github.com/linux-rdma/perftest}}
}

@inproceedings{spark,
author = {Zaharia, Matei and Chowdhury, Mosharaf and Franklin, Michael J. and Shenker, Scott and Stoica, Ion},
title = {Spark: cluster computing with working sets},
year = {2010},
publisher = {USENIX Association},
address = {USA},
booktitle = {Proceedings of the 2nd USENIX Conference on Hot Topics in Cloud Computing},
pages = {10},
numpages = {1},
location = {Boston, MA},
series = {HotCloud'10}
}

@book{giraph,
author = {Sakr, Sherif and Orakzai, Faisal Moeen and Abdelaziz, Ibrahim and Khayyat, Zuhair},
title = {Large-Scale Graph Processing Using Apache Giraph},
year = {2017},
isbn = {3319474308},
publisher = {Springer Publishing Company, Incorporated},
edition = {1st}
}